@book{Tanenbaum2016,
  title={Moderne Betriebssysteme},
  shorttitle = {Betriebssysteme},
  author={Tanenbaum, Andrew S. and Bos, Herbert},
  isbn={978-3-86894-270-5},
  series={Pearson Studium - IT},
  edition=4,
  year={2016},
  location="Hallbergmoos",
  publisher={Pearson}
}
@inbook{Schelinski2019,
	author="Schelinski, Tobias and Feuerhake, Jan",
	editor="Graewe, Daniel",
	title="Intellectual Property / IT-Recht / Medienrecht",
	bookTitle="Wirtschaftsrecht: Lehrbuch f{\"u}r Master-Studieng{\"a}nge",
  shorttitle={Wirtschaftsrecht},
	year="2019",
	publisher="Springer Fachmedien Wiesbaden",
	address="Wiesbaden",
	isbn="978-3-658-23080-7",
	doi="10.1007/978-3-658-23080-7_6",
	url="https://doi.org/10.1007/978-3-658-23080-7_6"
}

@book{cohn_succeeding_2010,
	address = {Upper Saddle River, N.J.},
	title = {Succeeding with agile: software development using {Scrum}},
	isbn = {9780321660510 9786612430565 9781282430563 9780321660565},
	shorttitle = {Agile},
	url = {http://search.ebscohost.com/login.aspx?direct=true&scope=site&db=nlebk&db=nlabk&AN=1599331},
	language = {English},
	publisher = {Addison-Wesley},
	author = {Cohn, Mike},
	year = {2010},
	note = {OCLC: 489135509},
}

@book{pathania_learning_2017,
	address = {Birmingham Mumbai},
	edition = {Second edition},
	title = {Learning continuous integration with {Jenkins}: a beginner's guide to implementing continuous integration and continuous delivery using {Jenkins} 2},
	isbn = {9781788479356},
	shorttitle = {{CI} with {Jenkins}},
	language = {eng},
	publisher = {Packt},
	author = {Pathania, Nikhil},
	year = {2017},
}

@book{mandl_internet_2019,
	address = {Wiesbaden},
	series = {Lehrbuch},
	title = {Internet {Internals}: {Vermittlungsschicht}, {Aufbau} und {Protokolle}},
	isbn = {9783658235369 9783658235352},
	shorttitle = {Internet},
	language = {ger},
	publisher = {Springer Fachmedien Wiesbaden GmbH},
	author = {Mandl, Peter},
	year = {2019},
	note = {OCLC: 1056585008}
}

@book{mertens_digitalisierung_2017,
	address = {Wiesbaden, Germany},
	title = {Digitalisierung und {Industrie} 4.0 - eine {Relativierung}},
  shorttitle={{Industrie} 4.0},
	isbn = {9783658196325 9783658196318},
	language = {eng},
	publisher = {Springer Vieweg},
	author = {Mertens, Peter and Barbian, Dina and Baier, Stephan},
	year = {2017},
	note = {OCLC: 1028237558}
}

@book{sadtler_rechtskonformes_2017,
	address = {Wiesbaden},
	series = {Research},
	title = {Rechtskonformes {Identitätsmanagement} im {Cloud} {Computing}: {Anforderungen} an den {Einsatz} elektronischer {Ausweise}},
	isbn = {9783658148065 9783658148072},
	shorttitle = {Identitätsmanagement},
	language = {ger},
	publisher = {Springer},
	author = {Sädtler, Stephan},
	year = {2017},
	note = {OCLC: 954870747},
}