@online{Atypisch,
    title = {Atypische Beschäftigung - Definition | Gabler Wirtschaftslexikon},
    shorttitle={Beschäftigung},
    url = {https://wirtschaftslexikon.gabler.de/definition/atypische-beschaeftigung-53543},
    urldate = {2020-08-22},
    userb = {19:14},
    year = {2017},
    author = {{Gabler Wirtschaftslexikon}}
}
@article{Digitaloekonomie,
    title = {Schwerpunkt Kreative Zerstörung 4.0 - Die Neuvermessung der Welt - Grundprinzipien und Konsequenzen der Digitalökonomie},
    shorttitle={Digitalökonomie},
    series={Wirtschaftspolitische Blätter},
    userb = {13:14},
    year = {2016},
    number={2},
	author = {Rische, Marie-Christin and Vöpel, Henning}
}
@online{msdatabind,
    title = {Übersicht über die Datenbindung in WPF},
    shorttitle={Datenbindung},
    usera={Datenbindung},
    url = {https://docs.microsoft.com/de-de/dotnet/desktop-wpf/data/data-binding-overview},
    urldate = {2020-05-24},
    year = {2019},
    userb = {11:32},
    author = {Microsoft}
}
@online{mswpf,
    title = {Erste Schritte mit WPF},
    shorttitle={WPF},
    usera={WPF},
    url = {https://docs.microsoft.com/de-de/visualstudio/designers/getting-started-with-wpf?view=vs-2019},
    urldate = {2020-05-25},
    year = {2018},
    userb = {13:49},
    author = {Microsoft}
}
@book{bsp,
    title={Eine beispielhafte Quelle},
    shorttitle = {Quelle},
    author={Mustermann, Max},
    edition=9,
    year={2020},
    location={München},
    publisher={Beispiel Verlag}
}